<record><leader>00000cas a22000007a 4500</leader><controlfield tag="001">18820582</controlfield><controlfield tag="008">881130d19021913nduwr ne      0   a0eng d</controlfield><datafield ind1=" " ind2=" " tag="010"><subfield code="a">sn 88076341 </subfield></datafield><datafield ind1=" " ind2=" " tag="040"><subfield code="a">NOP</subfield><subfield code="b">eng</subfield><subfield code="c">NOP</subfield><subfield code="d">OCLCQ</subfield><subfield code="d">DLC</subfield><subfield code="d">OCLCF</subfield></datafield><datafield ind1="0" ind2=" " tag="022"><subfield code="a">2475-8604</subfield><subfield code="2">1</subfield></datafield><datafield ind1=" " ind2=" " tag="042"><subfield code="a">msc</subfield><subfield code="a">nsdp</subfield></datafield><datafield ind1=" " ind2=" " tag="043"><subfield code="a">n-us-nd</subfield></datafield><datafield ind1="0" ind2="0" tag="050"><subfield code="a">Newspaper</subfield></datafield><datafield ind1="1" ind2="0" tag="082"><subfield code="a">071</subfield><subfield code="2">23</subfield></datafield><datafield ind1="0" ind2=" " tag="130"><subfield code="a">Cooperstown courier (Cooperstown, N.D. : 1902)</subfield></datafield><datafield ind1=" " ind2="4" tag="222"><subfield code="a">The Cooperstown courier</subfield><subfield code="b">(Cooperstown, N.D. 1902. Print)</subfield></datafield><datafield ind1="1" ind2="4" tag="245"><subfield code="a">The Cooperstown courier.</subfield></datafield><datafield ind1=" " ind2=" " tag="260"><subfield code="a">Cooperstown, Griggs Co., N.D. :</subfield><subfield code="b">Percy R. Trubshaw</subfield></datafield><datafield ind1=" " ind2=" " tag="300"><subfield code="a">11 v. :</subfield><subfield code="b">ill.</subfield></datafield><datafield ind1=" " ind2=" " tag="310"><subfield code="a">Weekly</subfield></datafield><datafield ind1="0" ind2=" " tag="362"><subfield code="a">Vol. 20, no. 18 (May 22, 1902)-v. 31, no. 11 (Mar. 13, 1913).</subfield></datafield><datafield ind1=" " ind2=" " tag="530"><subfield code="a">Available on microfilm from the State Historical Society of North Dakota.</subfield></datafield><datafield ind1=" " ind2=" " tag="530"><subfield code="a">Archived issues are available in digital format from the Library of Congress Chronicling America online collection.</subfield></datafield><datafield ind1=" " ind2="0" tag="651"><subfield code="a">Cooperstown (N.D.)</subfield><subfield code="v">Newspapers.</subfield></datafield><datafield ind1=" " ind2="7" tag="655"><subfield code="a">Newspapers.</subfield><subfield code="2">fast</subfield><subfield code="0">(OCoLC)fst01423814</subfield></datafield><datafield ind1=" " ind2="7" tag="651"><subfield code="a">North Dakota</subfield><subfield code="z">Cooperstown.</subfield><subfield code="2">fast</subfield><subfield code="0">(OCoLC)fst01250815</subfield></datafield><datafield ind1=" " ind2=" " tag="752"><subfield code="a">United States</subfield><subfield code="b">North Dakota</subfield><subfield code="c">Griggs</subfield><subfield code="d">Cooperstown.</subfield></datafield><datafield ind1="0" ind2="8" tag="776"><subfield code="i">Online version:</subfield><subfield code="t">Cooperstown courier (Cooperstown, N.D. : 1902)</subfield><subfield code="x">2475-8612</subfield><subfield code="w">(DLC)  2017218537</subfield><subfield code="w">(OCoLC)971028058</subfield></datafield><datafield ind1="0" ind2="0" tag="780"><subfield code="t">Griggs courier</subfield><subfield code="w">(DLC)sn 88076998</subfield></datafield><datafield ind1="0" ind2="7" tag="785"><subfield code="t">Griggs County sentinel</subfield><subfield code="w">(DLC)sn 88076342</subfield></datafield><datafield ind1="0" ind2="7" tag="785"><subfield code="t">Griggs County sentinel-courier</subfield><subfield code="w">(DLC)sn 88076343</subfield></datafield><datafield ind1="4" ind2="1" tag="856"><subfield code="u">http://www.loc.gov/chroniclingamerica/lccn/sn88076341/issues</subfield></datafield></record>